@misc{ rdata,
    author = "{vincentarel bundock}",
    title = "Rdatasets",
    year = "2011",
    howpublished = "\url{https://vincentarelbundock.github.io/Rdatasets/datasets.html}",
    note = "[Online; accessed 20-April-2018]"
  }
  
  
  @misc{ datplot,
  	author = "{Michael Vogt}",
  	title = "DatPlot",
  	year = "2011",
  	howpublished = "\url{https://vincentarelbundock.github.io/Rdatasets/datasets.html}",
  	note = "[Online; accessed 20-April-2018]"
  }
  
 @misc{projectdataset,
 	author = "{James Eagan}",
 	title = "Project datasets",
 	year = "",
 	howpublished = "\url{https://perso.telecom-paristech.fr/eagan/class/igr204/datasets}",
 	note = "[Online; accessed 20-April-2018]"
 } 
  
 @misc{ plotly,
 	author = "{plotly/datasets}",
 	title = "LaTeX --- {Wikipedia}{,} The Free Encyclopedia",
 	year = "2011",
 	howpublished = "\url{https://github.com/plotly/datasets}",
 	note = "[Online; accessed 20-April-2018]"
 } 
  
 
 @inproceedings{junior2017architecture,
 	title={Architecture proposal for data extraction of chart images using Convolutional Neural Network},
 	author={Junior, Paulo Roberto Silva Chagas and De Freitas, Alexandre Abreu and Akiyama, Rafael Daisuke and Miranda, Brunelli Pinto and De Ara{\'u}jo, Tiago Davi Oliveira and Dos Santos, Carlos Gustavo Resque and Meiguins, Bianchi Serique and De Morais, Jefferson Magalh{\~a}es},
 	booktitle={Information Visualisation (IV), 2017 21st International Conference},
 	pages={318--323},
 	year={2017},
 	organization={IEEE}
 }
  
 @article{lee2018viziometrics,
 	title={Viziometrics: Analyzing visual information in the scientific literature},
 	author={Lee, Po-shen and West, Jevin D and Howe, Bill},
 	journal={IEEE Transactions on Big Data},
 	volume={4},
 	number={1},
 	pages={117--129},
 	year={2018},
 	publisher={IEEE}
 }
  